@Manual{R-broom,
  title = {broom: Convert Statistical Objects into Tidy Tibbles},
  author = {David Robinson and Alex Hayes and Simon Couch},
  year = {2021},
  note = {R package version 0.7.6},
  url = {https://CRAN.R-project.org/package=broom},
}

@Manual{R-cli,
  title = {cli: Helpers for Developing Command Line Interfaces},
  author = {Gábor Csárdi},
  year = {2021},
  note = {R package version 2.5.0},
  url = {https://github.com/r-lib/cli#readme},
}

@Manual{R-crayon,
  title = {crayon: Colored Terminal Output},
  author = {Gábor Csárdi},
  year = {2021},
  note = {R package version 1.4.1},
  url = {https://github.com/r-lib/crayon#readme},
}

@Manual{R-dbplyr,
  title = {dbplyr: A dplyr Back End for Databases},
  author = {Hadley Wickham and Maximilian Girlich and Edgar Ruiz},
  year = {2021},
  note = {R package version 2.1.1},
  url = {https://CRAN.R-project.org/package=dbplyr},
}

@Manual{R-dplyr,
  title = {dplyr: A Grammar of Data Manipulation},
  author = {Hadley Wickham and Romain François and Lionel Henry and Kirill Müller},
  year = {2021},
  note = {R package version 1.0.6},
  url = {https://CRAN.R-project.org/package=dplyr},
}

@Manual{R-dtplyr,
  title = {dtplyr: Data Table Back-End for dplyr},
  author = {Hadley Wickham},
  year = {2021},
  note = {R package version 1.1.0},
  url = {https://github.com/tidyverse/dtplyr},
}

@Manual{R-forcats,
  title = {forcats: Tools for Working with Categorical Variables (Factors)},
  author = {Hadley Wickham},
  year = {2021},
  note = {R package version 0.5.1},
  url = {https://CRAN.R-project.org/package=forcats},
}

@Manual{R-ggplot2,
  title = {ggplot2: Create Elegant Data Visualisations Using the Grammar of Graphics},
  author = {Hadley Wickham and Winston Chang and Lionel Henry and Thomas Lin Pedersen and Kohske Takahashi and Claus Wilke and Kara Woo and Hiroaki Yutani and Dewey Dunnington},
  year = {2020},
  note = {R package version 3.3.3},
  url = {https://CRAN.R-project.org/package=ggplot2},
}

@Manual{R-googledrive,
  title = {googledrive: An Interface to Google Drive},
  author = {Lucy {D'Agostino McGowan} and Jennifer Bryan},
  year = {2020},
  note = {R package version 1.0.1},
  url = {https://CRAN.R-project.org/package=googledrive},
}

@Manual{R-googlesheets4,
  title = {googlesheets4: Access Google Sheets using the Sheets API V4},
  author = {Jennifer Bryan},
  year = {2021},
  note = {R package version 0.3.0},
  url = {https://github.com/tidyverse/googlesheets4},
}

@Manual{R-haven,
  title = {haven: Import and Export SPSS, Stata and SAS Files},
  author = {Hadley Wickham and Evan Miller},
  year = {2021},
  note = {R package version 2.4.1},
  url = {https://CRAN.R-project.org/package=haven},
}

@Manual{R-hms,
  title = {hms: Pretty Time of Day},
  author = {Kirill Müller},
  year = {2021},
  note = {R package version 1.0.0},
  url = {https://CRAN.R-project.org/package=hms},
}

@Manual{R-httr,
  title = {httr: Tools for Working with URLs and HTTP},
  author = {Hadley Wickham},
  year = {2020},
  note = {R package version 1.4.2},
  url = {https://CRAN.R-project.org/package=httr},
}

@Manual{R-jsonlite,
  title = {jsonlite: A Simple and Robust JSON Parser and Generator for R},
  author = {Jeroen Ooms},
  year = {2020},
  note = {R package version 1.7.2},
  url = {https://CRAN.R-project.org/package=jsonlite},
}

@Manual{R-lubridate,
  title = {lubridate: Make Dealing with Dates a Little Easier},
  author = {Vitalie Spinu and Garrett Grolemund and Hadley Wickham},
  year = {2021},
  note = {R package version 1.7.10},
  url = {https://CRAN.R-project.org/package=lubridate},
}

@Manual{R-magrittr,
  title = {magrittr: A Forward-Pipe Operator for R},
  author = {Stefan Milton Bache and Hadley Wickham},
  year = {2020},
  note = {R package version 2.0.1},
  url = {https://CRAN.R-project.org/package=magrittr},
}

@Manual{R-modelr,
  title = {modelr: Modelling Functions that Work with the Pipe},
  author = {Hadley Wickham},
  year = {2020},
  note = {R package version 0.1.8},
  url = {https://CRAN.R-project.org/package=modelr},
}

@Manual{R-pillar,
  title = {pillar: Coloured Formatting for Columns},
  author = {Kirill Müller and Hadley Wickham},
  year = {2021},
  note = {R package version 1.6.0},
  url = {https://CRAN.R-project.org/package=pillar},
}

@Manual{R-purrr,
  title = {purrr: Functional Programming Tools},
  author = {Lionel Henry and Hadley Wickham},
  year = {2020},
  note = {R package version 0.3.4},
  url = {https://CRAN.R-project.org/package=purrr},
}

@Manual{R-readr,
  title = {readr: Read Rectangular Text Data},
  author = {Hadley Wickham and Jim Hester},
  year = {2020},
  note = {R package version 1.4.0},
  url = {https://CRAN.R-project.org/package=readr},
}

@Manual{R-readxl,
  title = {readxl: Read Excel Files},
  author = {Hadley Wickham and Jennifer Bryan},
  year = {2019},
  note = {R package version 1.3.1},
  url = {https://CRAN.R-project.org/package=readxl},
}

@Manual{R-reprex,
  title = {reprex: Prepare Reproducible Example Code via the Clipboard},
  author = {Jennifer Bryan and Jim Hester and David Robinson and Hadley Wickham},
  year = {2021},
  note = {R package version 2.0.0},
  url = {https://CRAN.R-project.org/package=reprex},
}

@Manual{R-rlang,
  title = {rlang: Functions for Base Types and Core R and Tidyverse Features},
  author = {Lionel Henry and Hadley Wickham},
  year = {2021},
  note = {R package version 0.4.11},
  url = {https://CRAN.R-project.org/package=rlang},
}

@Manual{R-rstudioapi,
  title = {rstudioapi: Safely Access the RStudio API},
  author = {Kevin Ushey and JJ Allaire and Hadley Wickham and Gary Ritchie},
  year = {2020},
  note = {R package version 0.13},
  url = {https://github.com/rstudio/rstudioapi},
}

@Manual{R-rvest,
  title = {rvest: Easily Harvest (Scrape) Web Pages},
  author = {Hadley Wickham},
  year = {2021},
  note = {R package version 1.0.0},
  url = {https://CRAN.R-project.org/package=rvest},
}

@Manual{R-stringr,
  title = {stringr: Simple, Consistent Wrappers for Common String Operations},
  author = {Hadley Wickham},
  year = {2019},
  note = {R package version 1.4.0},
  url = {https://CRAN.R-project.org/package=stringr},
}

@Manual{R-tibble,
  title = {tibble: Simple Data Frames},
  author = {Kirill Müller and Hadley Wickham},
  year = {2021},
  note = {R package version 3.1.1},
  url = {https://CRAN.R-project.org/package=tibble},
}

@Manual{R-tidyr,
  title = {tidyr: Tidy Messy Data},
  author = {Hadley Wickham},
  year = {2021},
  note = {R package version 1.1.3},
  url = {https://CRAN.R-project.org/package=tidyr},
}

@Manual{R-tidyverse,
  title = {tidyverse: Easily Install and Load the Tidyverse},
  author = {Hadley Wickham},
  year = {2021},
  note = {R package version 1.3.1},
  url = {https://CRAN.R-project.org/package=tidyverse},
}

@Manual{R-xml2,
  title = {xml2: Parse XML},
  author = {Hadley Wickham and Jim Hester and Jeroen Ooms},
  year = {2020},
  note = {R package version 1.3.2},
  url = {https://CRAN.R-project.org/package=xml2},
}

@Book{ggplot22016,
  author = {Hadley Wickham},
  title = {ggplot2: Elegant Graphics for Data Analysis},
  publisher = {Springer-Verlag New York},
  year = {2016},
  isbn = {978-3-319-24277-4},
  url = {https://ggplot2.tidyverse.org},
}

@Article{jsonlite2014,
  title = {The jsonlite Package: A Practical and Consistent Mapping Between JSON Data and R Objects},
  author = {Jeroen Ooms},
  journal = {arXiv:1403.2805 [stat.CO]},
  year = {2014},
  url = {https://arxiv.org/abs/1403.2805},
}

@Article{lubridate2011,
  title = {Dates and Times Made Easy with {lubridate}},
  author = {Garrett Grolemund and Hadley Wickham},
  journal = {Journal of Statistical Software},
  year = {2011},
  volume = {40},
  number = {3},
  pages = {1--25},
  url = {https://www.jstatsoft.org/v40/i03/},
}

@Article{tidyverse2019,
  title = {Welcome to the {tidyverse}},
  author = {Hadley Wickham and Mara Averick and Jennifer Bryan and Winston Chang and Lucy D'Agostino McGowan and Romain François and Garrett Grolemund and Alex Hayes and Lionel Henry and Jim Hester and Max Kuhn and Thomas Lin Pedersen and Evan Miller and Stephan Milton Bache and Kirill Müller and Jeroen Ooms and David Robinson and Dana Paige Seidel and Vitalie Spinu and Kohske Takahashi and Davis Vaughan and Claus Wilke and Kara Woo and Hiroaki Yutani},
  year = {2019},
  journal = {Journal of Open Source Software},
  volume = {4},
  number = {43},
  pages = {1686},
  doi = {10.21105/joss.01686},
}

