@comment{
　BibTeXの書き方
　  https://ja.wikipedia.org/wiki/BibTeX
　Package関連のbibファイルを自動生成するには以下のコマンドを実行する
　  knitr::write_bib(c("knitr", "rmarkdown", "bookdown", "tidyverse"), "packages.bib")
}

@Manual{R-base,
  title = {R: A Language and Environment for Statistical Computing},
  author = {{R Core Team}},
  organization = {R Foundation for Statistical Computing},
  address = {Vienna, Austria},
  year = {2021},
  url = {https://www.R-project.org/},
}

@Manual{RStartHere,
  title = {RStartHere},
  author = {{RStudio, PBC}},
  year = {2021},
  note = {A guide to some of the most useful R Packages that we know about.},
  url = {https://github.com/rstudio/RStartHere},
}

@Manual{rmarkdown-cookbook,
  title = {R Markdown クックブック},
  author = {Yihui Xie and Christophe Dervieux and Emily Riederer and Satoshi Katagiri訳},
  year = {2021},
  note = {Unofficial Japanese translation of “R Markdown Cookbook” by Xie, Dervieux, and Riederer, which is licensed under CC BY-NC-SA 4.0.},
  url = {https://gedevan-aleksizde.github.io/rmarkdown-cookbook/},
}

@Manual{rmarkdown-for-scientists,
  title = {R Markdown for Scientists},
  author = {Nicholas Tierney},
  year = {2020},
  note = {This is a book on rmarkdown, aimed for scientists},
  url = {https://rmd4sci.njtierney.com/},
}



@Book{ToukeinoHanashi,
  title = {『統計のはなし』},
  author = {大村平},
  edition = {改訂版},
  publisher = {日科技連出版},
  year = {2020},
  note = {ISBN 9784817180100},
  url = {https://www.juse-p.co.jp/products/view/191},
}

@Book{ToukeiKaisekinoHanashi,
  title = {『統計解析のはなし』},
  author = {大村平},
  edition = {改訂版},
  publisher = {日科技連出版},
  year = {2006},
  note = {ISBN 9784817180285},
  url = {https://www.juse-p.co.jp/products/view/196},
}



@online{HowtoBibTeX,
  title = {LaTeX 文献データベース(BibTeX)},
  url = {http://www.yamamo10.jp/yamamoto/comp/latex/bibtex/bibtex.html},
}

@online{CreateAw11:online,
  title = {Create Awesome LaTeX Table with knitr::kable and kableExtra},
  url = {https://haozhu233.github.io/kableExtra/awesome_table_in_pdf.pdf},
}

@online{Tidymode12:online,
  title = {Tidymodelsで使えるモデルの紹介とモデルの追加方法 | Atusy's blog},
  url = {https://blog.atusy.net/2020/12/13/add-parsnip-model/},
}
